@InProceedings{JanotaEtAl09,
  author =       { Mikol\'a\v{s} Janota and Fintan Fairmichael and
                  Viliam Holub and Radu Grigore and Julien Charles and
                  Dermot Cochran and Joseph Kiniry },
  title =        { {CLOPS}: A DSL for Command Line Options },
  booktitle =    {{IFIP} Working Conference on Domain Specific
                  Languages ({DSL WC})},
  year =         2009,
  publisher =    { Springer }
}
